<mjloggm ver="2.3">
    <shuffle seed="mt19937ar-sha512-n288-base64,V018SSInDIQKvHPTQ6p8GnKTP1dqorApdfZfAkgj/AYTOFe4FHrNFpU00FlSLF+fR2Az44lsrfj6pet+Yy6BfEcBV+opxj/CEmFhoXw08RPl3UE1lHlFZfIMDKDBwlBZpwu5QhZNoDCgkiU/XuKYDOyR1Lu6x90jx0ohAGBs8JbY+0Jg72uVvJ1WsCheVJDuvD7GdPY19pDgfOrgBDgFdKDsyK4jK8yWI5IhrSr8R3DHl1yaOTsTlvWnJVJuTUy0HwkeKz8Ua1OiBDIXMjDyIJagi7YJ5vCxLLud5wjeCrkB681IBJ+YvJQuE6Yhb3x1a4mOnbbBJJDfzWUvhuZij6p9HdT2v9/LonWzN+zMLE3fi73ajaG0mkOZ6vULUH2zf3wktTxcPbnEbcAdIQ1zfGkmRwSwVB6Y8/H7uwbEnf5gY1XZez4wRjxuuxXN+F+/SRm26SqU69mdO9X1Cmnw1Ij+fwvpgbtUCmfxy/g2ordVOkqlEMHVjBpsy3GFaPv778xw1+UO16JhoY2MwI0ge20pqhFe7Ov36GDfoUUe7N6AsnQcsJc5GZUnNoDc3kQX7kExxMTASB8K3nt+Rzth2NllSJYiXUXdH2TaxigECF/OQJV+vsh4TPoY0K4qIri0bqwjbaNWqcPKuVUxmjDMBqvg46XP00Y3o5Xyb7bAPAXyFTG68gYj04SRgvGxNOwnzI0bggsyPC1kG+A5l/HwFnIoJYFd90mdtKGcFN/riSRNb4hNwNn/mNoxJIDKuy06YrtNzP966V+nKDwpQdc/Gl7Zhl7Rw3PUNd7Vn3KwCHVHrvL7xCQXxoldcxJpx3R4edioWMalwfHYGXWQ/J97FVwi00rYQRaH+9cnjuaRqBmmQHTiXDakES/3mMKi2ULhxBib3RvMD/vfCC8bYfGiO5ZIe4qyM2nni65B38abT/DiYGkeZuKGI5bcCE4udCjNg5JxXFJL1akldKHO0au71RCqUp+9cKNYcgrxIpH7QbnDILXk/TBSL0ESMcRKclmReSGqYNjgZjZyrF49EhCnZNrTKgph5we2lxHnGiCe4iCMaIFuBORhQa45BizynZWRTSJ48C8e1SKTL2zl8S8UZ8OB0LzeZCBWPBcIzxGEiuALPr3gLAgc+de7QXxfRKNvhY/Lsu+N2oLb/WWS/0fw7SZl2SNkHNziy3/brrFPwZjXSVno7Q6dIz+ENAiOBluzlbuobCzsQXyvxhm1jdF481kD7fGxrRrV6wLhPT68yb/dzJXq8Gwr/P//T2QUYSnI44t3HodiCc+dc5ZYFctDCh93QDu+z7ormJzEIxqhZUsNevwgPGiNMVbIbXyhfO9L+JLr0PWBtIfXaeMb4qnesl4eE1yvS17OX7sp4XEmtZS50GwXG5DK39Hmz4Zwh1H6t9leINByAo7hTwuGfElyJNa/YYU4vvOLj3AueQ7Q05p1IrGp5rB03yziW/9ysIl3ZOsBgamxz/aBaRYqDu/WhYDe8N6U9E6MZ49l4U33+v6nNO5ejY5X320IjgM190/0tOf8HTaQl8i35d74YuNNFxJXxZVZGkU/tXG15ECca8lfMEdziLdVZYT1NQ75eZCD7QTzs/MaH7HdbeOpcTX9GHGntwmpWRCk8a6sPVITXgliMlx8Nio0VBmxRsyFhZwwpky6QSLZb8d/KJT13rHiCzznXWsqLtfg2oKsOqst8Q3bPODn0xgCnlKrQhcnz+yNQhVp2RGaxOchAWiswqzsmnX0JtaQcn2Zcr7V0En0WPC3gxaYvR/gqSihQPNXtrf7FwUoPvCYxLJPCwpy2OzX9ROmJBtt+UKhh6ZsE8r5tCJy//q9SE2U7v2q3FPNX6SNP0lhASUx96R6C4LARQz7ugLe6fvexkbiLn4niWe6ycov2/povJWmG/3EZbpYFrhYBb1LNpD5H2lw1BRBKiqOm8cdcGS98Yr2Sf0DUz6K+S1yFFQ5Fz69lGGxWnWhWrDL0qan0ivzkUxZ0O+f1WNhTTbRb4OfhlYDMVstTgzOEuIjsNP+i8WD9FOL8vGP4IcyejQR4BpIsPcY0pX17Jhd7DIzZ5WEnD45ywWSxuVoBPt5d9PQdkVp27HZFn1SjcmQmslSTBidmqXzlLFz8wn8H36dp0/PGEjGyYW80aBiTHu+WNAiuQ16Iqq0ZtYRSkb3BBZN+XpCUk/H8gLSVUd2hYXNsPci6qM/Cz/x4mvGAoWv+kluzYQ8BBNRRnF8t8uzxDCxHi0/NZP6esiDXU59BXaAeOhaaBnbzSwdEOOY+Vs01f4OvqeFcW3zYkpLzP2SaJbNNxhNK0zfWjQV8IUdaSSl/T5TdMnM/5Hab95bM+ma/RS/notdKIWfw9Xq0mKsXxW4ULts31NpSVaPNUSL2+QqH+HI6IXJTJo9Ltkd8SRx9plzyApDkTe3XnOwDzuc7TfQm/Y2vNdaJtxJviHR5r9RI8JUP/vJX4yuNz6rg/ZXfhr0wlXpWQ2RK1i/TuxvMCvrNl2zVHlKurnE2bri4DwvHUASgkvfjzSqBazhheF1SyW5HafjAqGVnbRUQXqxBnWzZkGLJIXkotC1etzMiMMJfhBGSeZmYnxiEf+qXN0w+JhK2ZSa6U7oB4hZ+Ti/6XdlcjVqfaPuRLnjxzoRcuJ4oQmYRynphyizI/oRA9egmV1MkpB3Ex4lFQgUu+VuxjxxSbcl5ONUM9PjON7t71aRoxVEWyjR7mrlhg+SXB2QO+8BxovKCXnfa6Rbs7rWbvpbmL0rohGUtL7KK44/Wz1aRZ552lKJ1f13GAFX5Sz6HK78AMD8JowZrkmzYKirL9h6Yz8Q5wKNjA8jAPMyZ0qOve5w0Ad0Yr6okKtJoBoLSo4awz5odgt/gaEonJiVWtwjFc3pQBMrWhJebp4L5HBk0RcqOtCzXd+4y5nrMU38L7XyKgyRxhMVWShUE2I2+vvex3AC8zeEf3Cnd6pIWBJGJwGscyCIImwsUXFEj3sl452r7Ilh3oMWRU7KbrOoRh6iMbWJbodTt649ZZfmcVpmrrRn5oTAwplBZLwBhAW9KmUfLLlHHhA/TkjVyLoU0hrRT6HzmK1Ch38m7x8trVutmufnvaLoSDpYqHItEwvaOsLJJedVDc9gb16Wi1qFhbjDxGhWeC6Dbf3Hg2ntlV3B19Ezpk2ARAml4AwmIItENp2lmXjEtI2YVhHVXBia2lWB9hTjIar6JbotDrxllBphzszk8OrMrXQuKdiMosAVkYOOvIfqeKg6rFbQWSVL3PKLz2nlSQSm3J3tui+meM21ui8JST0OTi0//sIg9kkxU3WXyb2Pq9RHcdURWNxj" ref="">
        <go type="169" lobby="0">
            <un n0="%E3%81%8A%E8%82%89%E3%81%A1%E3%82%83%E3%82%93" n1="%E3%81%BE%E3%81%93%E3%81%95%E3%81%A8%76%65%72%32" n2="%6B%65%6E%79%61%30%31" n3="%E3%82%BF%E3%82%B1%E3%82%AA%E3%81%97%E3%82%83%E3%82%93" dan="17,16,16,17" rate="2139.80,2126.58,2132.62,2200.57" sx="M,M,M,M">
                <taikyoku oya="0">
                    <init seed="0,0,0,4,1,121" ten="250,250,250,250" oya="0" hai0="120,11,89,116,84,30,91,57,42,82,128,27,80" hai1="2,50,48,76,12,135,106,75,68,55,122,46,118" hai2="129,113,108,100,123,74,98,60,115,59,23,5,8" hai3="99,7,71,35,81,77,78,62,67,88,19,125,73">
                        <t20>
                            <d120>
                                <u79>
                                    <e118>
                                        <v54>
                                            <f123>
                                                <w127>
                                                    <g7>
                                                        <t24>
                                                            <d116>
                                                                <u15>
                                                                    <e2>
                                                                        <v86>
                                                                            <f74>
                                                                                <w85>
                                                                                    <g35>
                                                                                        <t64>
                                                                                            <d128>
                                                                                                <u134>
                                                                                                    <e106>
                                                                                                        <v101>
                                                                                                            <f101>
                                                                                                                <w16>
                                                                                                                    <g99>
                                                                                                                        <t36>
                                                                                                                            <d36>
                                                                                                                                <u95>
                                                                                                                                    <e68>
                                                                                                                                        <v119>
                                                                                                                                            <f129>
                                                                                                                                                <w110>
                                                                                                                                                    <g110>
                                                                                                                                                        <t126>
                                                                                                                                                            <d126>
                                                                                                                                                                <n who="3" m="48137">
                                                                                                                                                                    <g77>
                                                                                                                                                                    </g77>
                                                                                                                                                                </n>
                                                                                                                                                                <n who="1" m="29770">
                                                                                                                                                                    <e75>
                                                                                                                                                                        <v112>
                                                                                                                                                                            <f112>
                                                                                                                                                                                <w51>
                                                                                                                                                                                    <g51>
                                                                                                                                                                                        <t58>
                                                                                                                                                                                            <d42>
                                                                                                                                                                                            </d42>
                                                                                                                                                                                        </t58>
                                                                                                                                                                                    </g51>
                                                                                                                                                                                </w51>
                                                                                                                                                                            </f112>
                                                                                                                                                                        </v112>
                                                                                                                                                                    </e75>
                                                                                                                                                                </n>
                                                                                                                                                                <n who="1" m="24663">
                                                                                                                                                                    <e122>
                                                                                                                                                                        <v13>
                                                                                                                                                                            <f119>
                                                                                                                                                                                <w43>
                                                                                                                                                                                    <g43>
                                                                                                                                                                                        <t107>
                                                                                                                                                                                            <d107>
                                                                                                                                                                                                <u18>
                                                                                                                                                                                                    <e18>
                                                                                                                                                                                                        <v92>
                                                                                                                                                                                                            <f108>
                                                                                                                                                                                                                <w41>
                                                                                                                                                                                                                    <g41>
                                                                                                                                                                                                                        <t114>
                                                                                                                                                                                                                            <d114>
                                                                                                                                                                                                                                <u37>
                                                                                                                                                                                                                                    <e37>
                                                                                                                                                                                                                                        <v28>
                                                                                                                                                                                                                                            <f86>
                                                                                                                                                                                                                                                <w3>
                                                                                                                                                                                                                                                    <g3>
                                                                                                                                                                                                                                                        <t29>
                                                                                                                                                                                                                                                            <d64>
                                                                                                                                                                                                                                                                <u90>
                                                                                                                                                                                                                                                                    <e135>
                                                                                                                                                                                                                                                                        <v65>
                                                                                                                                                                                                                                                                            <reach who="2" step="1">
                                                                                                                                                                                                                                                                                <f54>
                                                                                                                                                                                                                                                                                </f54>
                                                                                                                                                                                                                                                                            </reach>
                                                                                                                                                                                                                                                                            <reach who="2" ten="250,250,240,250" step="2">
                                                                                                                                                                                                                                                                                <w56>
                                                                                                                                                                                                                                                                                    <g71>
                                                                                                                                                                                                                                                                                        <t33>
                                                                                                                                                                                                                                                                                            <d11>
                                                                                                                                                                                                                                                                                                <u66>
                                                                                                                                                                                                                                                                                                    <e134>
                                                                                                                                                                                                                                                                                                        <v105>
                                                                                                                                                                                                                                                                                                            <f105>
                                                                                                                                                                                                                                                                                                                <w38>
                                                                                                                                                                                                                                                                                                                    <g38>
                                                                                                                                                                                                                                                                                                                        <t97>
                                                                                                                                                                                                                                                                                                                            <d97>
                                                                                                                                                                                                                                                                                                                            </d97>
                                                                                                                                                                                                                                                                                                                        </t97>
                                                                                                                                                                                                                                                                                                                    </g38>
                                                                                                                                                                                                                                                                                                                </w38>
                                                                                                                                                                                                                                                                                                            </f105>
                                                                                                                                                                                                                                                                                                        </v105>
                                                                                                                                                                                                                                                                                                    </e134>
                                                                                                                                                                                                                                                                                                </u66>
                                                                                                                                                                                                                                                                                            </d11>
                                                                                                                                                                                                                                                                                        </t33>
                                                                                                                                                                                                                                                                                    </g71>
                                                                                                                                                                                                                                                                                </w56>
                                                                                                                                                                                                                                                                            </reach>
                                                                                                                                                                                                                                                                        </v65>
                                                                                                                                                                                                                                                                    </e135>
                                                                                                                                                                                                                                                                </u90>
                                                                                                                                                                                                                                                            </d64>
                                                                                                                                                                                                                                                        </t29>
                                                                                                                                                                                                                                                    </g3>
                                                                                                                                                                                                                                                </w3>
                                                                                                                                                                                                                                            </f86>
                                                                                                                                                                                                                                        </v28>
                                                                                                                                                                                                                                    </e37>
                                                                                                                                                                                                                                </u37>
                                                                                                                                                                                                                            </d114>
                                                                                                                                                                                                                        </t114>
                                                                                                                                                                                                                    </g41>
                                                                                                                                                                                                                </w41>
                                                                                                                                                                                                            </f108>
                                                                                                                                                                                                        </v92>
                                                                                                                                                                                                    </e18>
                                                                                                                                                                                                </u18>
                                                                                                                                                                                            </d107>
                                                                                                                                                                                        </t107>
                                                                                                                                                                                    </g43>
                                                                                                                                                                                </w43>
                                                                                                                                                                            </f119>
                                                                                                                                                                        </v13>
                                                                                                                                                                    </e122>
                                                                                                                                                                </n>
                                                                                                                                                                <n who="1" m="57591">
                                                                                                                                                                    <e66>
                                                                                                                                                                        <v104>
                                                                                                                                                                            <f104>
                                                                                                                                                                                <w0>
                                                                                                                                                                                    <g0>
                                                                                                                                                                                        <t61>
                                                                                                                                                                                            <d61>
                                                                                                                                                                                                <u45>
                                                                                                                                                                                                    <agari ba="0,1" hai="12,15,45,50,55" m="57591,24663,29770" machi="45" ten="30,1100,0" yaku="8,1" dorahai="121" who="1" fromwho="1" sc="250,-5,250,21,240,-3,250,-3">
                                                                                                                                                                                                    </agari>
                                                                                                                                                                                                </u45>
                                                                                                                                                                                            </d61>
                                                                                                                                                                                        </t61>
                                                                                                                                                                                    </g0>
                                                                                                                                                                                </w0>
                                                                                                                                                                            </f104>
                                                                                                                                                                        </v104>
                                                                                                                                                                    </e66>
                                                                                                                                                                </n>
                                                                                                                                                            </d126>
                                                                                                                                                        </t126>
                                                                                                                                                    </g110>
                                                                                                                                                </w110>
                                                                                                                                            </f129>
                                                                                                                                        </v119>
                                                                                                                                    </e68>
                                                                                                                                </u95>
                                                                                                                            </d36>
                                                                                                                        </t36>
                                                                                                                    </g99>
                                                                                                                </w16>
                                                                                                            </f101>
                                                                                                        </v101>
                                                                                                    </e106>
                                                                                                </u134>
                                                                                            </d128>
                                                                                        </t64>
                                                                                    </g35>
                                                                                </w85>
                                                                            </f74>
                                                                        </v86>
                                                                    </e2>
                                                                </u15>
                                                            </d116>
                                                        </t24>
                                                    </g7>
                                                </w127>
                                            </f123>
                                        </v54>
                                    </e118>
                                </u79>
                            </d120>
                        </t20>
                    </init>
                    <init seed="1,0,0,0,1,92" ten="245,271,237,247" oya="1" hai0="79,108,87,35,48,89,110,14,10,111,93,96,74" hai1="41,86,66,18,75,116,52,0,9,124,125,65,117" hai2="62,135,17,8,21,28,19,4,94,61,60,102,115" hai3="84,76,127,45,100,82,70,44,43,26,58,91,24">
                        <u105>
                            <e75>
                                <v119>
                                    <f119>
                                        <n who="1" m="45641">
                                            <e105>
                                                <v46>
                                                    <f135>
                                                        <w122>
                                                            <g70>
                                                                <t16>
                                                                    <d35>
                                                                        <u39>
                                                                            <e86>
                                                                                <v64>
                                                                                    <f115>
                                                                                        <w36>
                                                                                            <g122>
                                                                                                <t130>
                                                                                                    <d130>
                                                                                                        <u109>
                                                                                                            <e18>
                                                                                                                <v95>
                                                                                                                    <f64>
                                                                                                                    </f64>
                                                                                                                </v95>
                                                                                                            </e18>
                                                                                                        </u109>
                                                                                                    </d130>
                                                                                                </t130>
                                                                                            </g122>
                                                                                        </w36>
                                                                                    </f115>
                                                                                </v64>
                                                                            </e86>
                                                                        </u39>
                                                                    </d35>
                                                                </t16>
                                                            </g70>
                                                        </w122>
                                                    </f135>
                                                </v46>
                                            </e105>
                                        </n>
                                        <n who="1" m="24681">
                                            <e9>
                                                <v55>
                                                    <f28>
                                                        <w113>
                                                            <g113>
                                                                <t78>
                                                                    <d74>
                                                                        <u32>
                                                                            <e0>
                                                                                <v37>
                                                                                    <f19>
                                                                                        <w30>
                                                                                            <g58>
                                                                                                <t81>
                                                                                                    <reach who="0" step="1">
                                                                                                        <d48>
                                                                                                        </d48>
                                                                                                    </reach>
                                                                                                    <reach who="0" ten="235,271,237,247" step="2">
                                                                                                        <u34>
                                                                                                            <e32>
                                                                                                                <v132>
                                                                                                                    <f61>
                                                                                                                        <w54>
                                                                                                                            <g127>
                                                                                                                            </g127>
                                                                                                                        </w54>
                                                                                                                    </f61>
                                                                                                                </v132>
                                                                                                            </e32>
                                                                                                        </u34>
                                                                                                    </reach>
                                                                                                </t81>
                                                                                            </g58>
                                                                                        </w30>
                                                                                    </f19>
                                                                                </v37>
                                                                            </e0>
                                                                        </u32>
                                                                    </d74>
                                                                </t78>
                                                            </g113>
                                                        </w113>
                                                    </f28>
                                                </v55>
                                            </e9>
                                        </n>
                                        <n who="1" m="48714">
                                            <e34>
                                                <v80>
                                                    <f62>
                                                        <w49>
                                                            <g30>
                                                                <t38>
                                                                    <d38>
                                                                        <u106>
                                                                            <e106>
                                                                                <v97>
                                                                                    <f60>
                                                                                        <w77>
                                                                                            <g26>
                                                                                                <t47>
                                                                                                    <d47>
                                                                                                    </d47>
                                                                                                </t47>
                                                                                            </g26>
                                                                                        </w77>
                                                                                    </f60>
                                                                                </v97>
                                                                            </e106>
                                                                        </u106>
                                                                    </d38>
                                                                </t38>
                                                            </g30>
                                                        </w49>
                                                    </f62>
                                                </v80>
                                            </e34>
                                        </n>
                                        <n who="1" m="23999">
                                            <e109>
                                                <v2>
                                                    <f37>
                                                        <w121>
                                                            <g24>
                                                                <t98>
                                                                    <d98>
                                                                        <u63>
                                                                            <e63>
                                                                                <v107>
                                                                                    <f97>
                                                                                        <w12>
                                                                                            <g36>
                                                                                                <t56>
                                                                                                    <d56>
                                                                                                        <u72>
                                                                                                            <e72>
                                                                                                                <v42>
                                                                                                                    <f107>
                                                                                                                        <w134>
                                                                                                                            <g84>
                                                                                                                                <t7>
                                                                                                                                    <d7>
                                                                                                                                        <u85>
                                                                                                                                            <e85>
                                                                                                                                                <v13>
                                                                                                                                                    <f4>
                                                                                                                                                        <w51>
                                                                                                                                                            <g49>
                                                                                                                                                                <t118>
                                                                                                                                                                    <d118>
                                                                                                                                                                        <u15>
                                                                                                                                                                            <e15>
                                                                                                                                                                                <v83>
                                                                                                                                                                                    <f13>
                                                                                                                                                                                        <w128>
                                                                                                                                                                                            <g51>
                                                                                                                                                                                                <t71>
                                                                                                                                                                                                    <d71>
                                                                                                                                                                                                        <u11>
                                                                                                                                                                                                            <e11>
                                                                                                                                                                                                                <v67>
                                                                                                                                                                                                                    <f8>
                                                                                                                                                                                                                        <w123>
                                                                                                                                                                                                                            <g12>
                                                                                                                                                                                                                                <t88>
                                                                                                                                                                                                                                    <agari ba="0,1" hai="10,14,16,78,79,81,87,88,89,93,96,108,110,111" machi="88" ten="30,12000,2" yaku="1,1,0,1,14,1,52,1,54,2,53,1" dorahai="92" dorahaiura="5" who="0" fromwho="0" sc="235,130,271,-60,237,-30,247,-30">
                                                                                                                                                                                                                                    </agari>
                                                                                                                                                                                                                                </t88>
                                                                                                                                                                                                                            </g12>
                                                                                                                                                                                                                        </w123>
                                                                                                                                                                                                                    </f8>
                                                                                                                                                                                                                </v67>
                                                                                                                                                                                                            </e11>
                                                                                                                                                                                                        </u11>
                                                                                                                                                                                                    </d71>
                                                                                                                                                                                                </t71>
                                                                                                                                                                                            </g51>
                                                                                                                                                                                        </w128>
                                                                                                                                                                                    </f13>
                                                                                                                                                                                </v83>
                                                                                                                                                                            </e15>
                                                                                                                                                                        </u15>
                                                                                                                                                                    </d118>
                                                                                                                                                                </t118>
                                                                                                                                                            </g49>
                                                                                                                                                        </w51>
                                                                                                                                                    </f4>
                                                                                                                                                </v13>
                                                                                                                                            </e85>
                                                                                                                                        </u85>
                                                                                                                                    </d7>
                                                                                                                                </t7>
                                                                                                                            </g84>
                                                                                                                        </w134>
                                                                                                                    </f107>
                                                                                                                </v42>
                                                                                                            </e72>
                                                                                                        </u72>
                                                                                                    </d56>
                                                                                                </t56>
                                                                                            </g36>
                                                                                        </w12>
                                                                                    </f97>
                                                                                </v107>
                                                                            </e63>
                                                                        </u63>
                                                                    </d98>
                                                                </t98>
                                                            </g24>
                                                        </w121>
                                                    </f37>
                                                </v2>
                                            </e109>
                                        </n>
                                    </f119>
                                </v119>
                            </e75>
                        </u105>
                    </init>
                    <init seed="2,0,0,4,4,65" ten="365,211,207,217" oya="2" hai0="2,79,36,99,97,23,63,5,110,72,53,24,120" hai1="42,95,9,31,4,130,50,37,39,123,111,6,82" hai2="58,84,19,107,96,118,78,127,77,14,114,88,60" hai3="98,41,21,102,76,89,135,11,106,22,87,30,112">
                        <v125>
                            <f118>
                                <w93>
                                    <g135>
                                        <t27>
                                            <d120>
                                                <u133>
                                                    <e111>
                                                        <v115>
                                                            <f96>
                                                                <w10>
                                                                    <g112>
                                                                        <t46>
                                                                            <d110>
                                                                                <u64>
                                                                                    <e31>
                                                                                        <v119>
                                                                                            <f107>
                                                                                                <w129>
                                                                                                    <g129>
                                                                                                        <t16>
                                                                                                            <d27>
                                                                                                                <u18>
                                                                                                                    <e133>
                                                                                                                        <v66>
                                                                                                                            <f119>
                                                                                                                                <w62>
                                                                                                                                    <g41>
                                                                                                                                        <n who="0" m="22823">
                                                                                                                                            <d63>
                                                                                                                                                <u45>
                                                                                                                                                    <e130>
                                                                                                                                                        <v69>
                                                                                                                                                            <f58>
                                                                                                                                                                <w13>
                                                                                                                                                                    <g10>
                                                                                                                                                                    </g10>
                                                                                                                                                                </w13>
                                                                                                                                                            </f58>
                                                                                                                                                        </v69>
                                                                                                                                                    </e130>
                                                                                                                                                </u45>
                                                                                                                                            </d63>
                                                                                                                                        </n>
                                                                                                                                        <n who="0" m="2359">
                                                                                                                                            <d53>
                                                                                                                                                <u122>
                                                                                                                                                    <e82>
                                                                                                                                                        <agari ba="0,0" hai="16,23,24,72,79,82,97,99" m="2359,22823" machi="82" ten="30,2000,0" yaku="25,1,54,1" dorahai="65" who="0" fromwho="1" sc="365,20,211,-20,207,0,217,0">
                                                                                                                                                        </agari>
                                                                                                                                                    </e82>
                                                                                                                                                </u122>
                                                                                                                                            </d53>
                                                                                                                                        </n>
                                                                                                                                    </g41>
                                                                                                                                </w62>
                                                                                                                            </f119>
                                                                                                                        </v66>
                                                                                                                    </e133>
                                                                                                                </u18>
                                                                                                            </d27>
                                                                                                        </t16>
                                                                                                    </g129>
                                                                                                </w129>
                                                                                            </f107>
                                                                                        </v119>
                                                                                    </e31>
                                                                                </u64>
                                                                            </d110>
                                                                        </t46>
                                                                    </g112>
                                                                </w10>
                                                            </f96>
                                                        </v115>
                                                    </e111>
                                                </u133>
                                            </d120>
                                        </t27>
                                    </g135>
                                </w93>
                            </f118>
                        </v125>
                    </init>
                    <init seed="3,0,0,1,2,131" ten="385,191,207,217" oya="3" hai0="119,132,1,45,94,53,127,129,99,83,52,42,117" hai1="19,14,98,68,7,103,39,121,86,66,128,82,50" hai2="16,116,130,74,49,58,108,120,46,125,48,38,33" hai3="96,20,34,79,84,72,100,65,106,105,31,60,5">
                        <w112>
                            <g5>
                                <t28>
                                    <d1>
                                        <u30>
                                            <e39>
                                                <v3>
                                                    <ryuukyoku type="yao9" ba="0,0" sc="385,0,191,0,207,0,217,0" hai2="3,16,33,38,46,48,49,58,74,108,116,120,125,130">
                                                    </ryuukyoku>
                                                </v3>
                                            </e39>
                                        </u30>
                                    </d1>
                                </t28>
                            </g5>
                        </w112>
                    </init>
                    <init seed="3,1,0,1,0,114" ten="385,191,207,217" oya="3" hai0="94,79,47,24,118,25,100,60,75,134,98,127,40" hai1="84,135,85,44,97,17,56,27,23,49,39,33,4" hai2="113,57,12,80,5,89,26,43,15,50,78,106,86" hai3="63,34,104,8,90,64,55,131,130,96,9,92,109">
                        <w19>
                            <g34>
                                <t59>
                                    <d134>
                                        <u11>
                                            <e135>
                                                <v115>
                                                    <f106>
                                                        <w128>
                                                            <g104>
                                                                <t81>
                                                                    <d127>
                                                                        <u76>
                                                                            <e39>
                                                                                <v54>
                                                                                    <f115>
                                                                                        <w48>
                                                                                            <g19>
                                                                                                <t35>
                                                                                                    <d35>
                                                                                                        <u45>
                                                                                                            <e33>
                                                                                                                <v132>
                                                                                                                    <f132>
                                                                                                                        <w129>
                                                                                                                            <n who="3" m="32768">
                                                                                                                                <dora hai="0">
                                                                                                                                    <w36>
                                                                                                                                        <g36>
                                                                                                                                            <t133>
                                                                                                                                                <d133>
                                                                                                                                                    <u102>
                                                                                                                                                        <e56>
                                                                                                                                                            <v10>
                                                                                                                                                                <f113>
                                                                                                                                                                    <w107>
                                                                                                                                                                        <g107>
                                                                                                                                                                            <t1>
                                                                                                                                                                                <d1>
                                                                                                                                                                                    <u3>
                                                                                                                                                                                        <e76>
                                                                                                                                                                                            <v32>
                                                                                                                                                                                                <f43>
                                                                                                                                                                                                    <w62>
                                                                                                                                                                                                        <g109>
                                                                                                                                                                                                            <t112>
                                                                                                                                                                                                                <d118>
                                                                                                                                                                                                                    <u38>
                                                                                                                                                                                                                        <e38>
                                                                                                                                                                                                                            <v123>
                                                                                                                                                                                                                                <f123>
                                                                                                                                                                                                                                    <w65>
                                                                                                                                                                                                                                        <g48>
                                                                                                                                                                                                                                            <t77>
                                                                                                                                                                                                                                                <d77>
                                                                                                                                                                                                                                                    <u14>
                                                                                                                                                                                                                                                        <e3>
                                                                                                                                                                                                                                                            <v22>
                                                                                                                                                                                                                                                                <f32>
                                                                                                                                                                                                                                                                    <w41>
                                                                                                                                                                                                                                                                        <g41>
                                                                                                                                                                                                                                                                            <t16>
                                                                                                                                                                                                                                                                                <d16>
                                                                                                                                                                                                                                                                                    <u6>
                                                                                                                                                                                                                                                                                        <e44>
                                                                                                                                                                                                                                                                                            <v122>
                                                                                                                                                                                                                                                                                                <f122>
                                                                                                                                                                                                                                                                                                    <w68>
                                                                                                                                                                                                                                                                                                        <reach who="3" step="1">
                                                                                                                                                                                                                                                                                                            <g55>
                                                                                                                                                                                                                                                                                                            </g55>
                                                                                                                                                                                                                                                                                                        </reach>
                                                                                                                                                                                                                                                                                                        <reach who="3" ten="385,191,207,207" step="2">
                                                                                                                                                                                                                                                                                                            <t7>
                                                                                                                                                                                                                                                                                                                <d112>
                                                                                                                                                                                                                                                                                                                    <u71>
                                                                                                                                                                                                                                                                                                                        <e71>
                                                                                                                                                                                                                                                                                                                            <agari ba="1,1" hai="8,9,62,63,64,65,68,71,90,92,96" m="32768" machi="71" ten="70,12000,1" yaku="1,1,2,1,9,1,19,1,53,0" dorahai="114,0" dorahaiura="120,28" who="3" fromwho="1" sc="385,0,191,-123,207,0,207,133">
                                                                                                                                                                                                                                                                                                                            </agari>
                                                                                                                                                                                                                                                                                                                        </e71>
                                                                                                                                                                                                                                                                                                                    </u71>
                                                                                                                                                                                                                                                                                                                </d112>
                                                                                                                                                                                                                                                                                                            </t7>
                                                                                                                                                                                                                                                                                                        </reach>
                                                                                                                                                                                                                                                                                                    </w68>
                                                                                                                                                                                                                                                                                                </f122>
                                                                                                                                                                                                                                                                                            </v122>
                                                                                                                                                                                                                                                                                        </e44>
                                                                                                                                                                                                                                                                                    </u6>
                                                                                                                                                                                                                                                                                </d16>
                                                                                                                                                                                                                                                                            </t16>
                                                                                                                                                                                                                                                                        </g41>
                                                                                                                                                                                                                                                                    </w41>
                                                                                                                                                                                                                                                                </f32>
                                                                                                                                                                                                                                                            </v22>
                                                                                                                                                                                                                                                        </e3>
                                                                                                                                                                                                                                                    </u14>
                                                                                                                                                                                                                                                </d77>
                                                                                                                                                                                                                                            </t77>
                                                                                                                                                                                                                                        </g48>
                                                                                                                                                                                                                                    </w65>
                                                                                                                                                                                                                                </f123>
                                                                                                                                                                                                                            </v123>
                                                                                                                                                                                                                        </e38>
                                                                                                                                                                                                                    </u38>
                                                                                                                                                                                                                </d118>
                                                                                                                                                                                                            </t112>
                                                                                                                                                                                                        </g109>
                                                                                                                                                                                                    </w62>
                                                                                                                                                                                                </f43>
                                                                                                                                                                                            </v32>
                                                                                                                                                                                        </e76>
                                                                                                                                                                                    </u3>
                                                                                                                                                                                </d1>
                                                                                                                                                                            </t1>
                                                                                                                                                                        </g107>
                                                                                                                                                                    </w107>
                                                                                                                                                                </f113>
                                                                                                                                                            </v10>
                                                                                                                                                        </e56>
                                                                                                                                                    </u102>
                                                                                                                                                </d133>
                                                                                                                                            </t133>
                                                                                                                                        </g36>
                                                                                                                                    </w36>
                                                                                                                                </dora>
                                                                                                                            </n>
                                                                                                                        </w129>
                                                                                                                    </f132>
                                                                                                                </v132>
                                                                                                            </e33>
                                                                                                        </u45>
                                                                                                    </d35>
                                                                                                </t35>
                                                                                            </g19>
                                                                                        </w48>
                                                                                    </f115>
                                                                                </v54>
                                                                            </e39>
                                                                        </u76>
                                                                    </d127>
                                                                </t81>
                                                            </g104>
                                                        </w128>
                                                    </f106>
                                                </v115>
                                            </e135>
                                        </u11>
                                    </d134>
                                </t59>
                            </g34>
                        </w19>
                    </init>
                    <init seed="3,2,0,5,3,27" ten="385,68,207,340" oya="3" hai0="58,111,42,59,97,108,25,68,131,21,70,89,46" hai1="48,2,93,13,84,114,9,73,43,38,34,91,8" hai2="107,102,10,71,18,132,98,112,55,135,129,50,74" hai3="16,61,80,75,28,62,4,94,66,123,118,121,63">
                        <w22>
                            <g118>
                                <t7>
                                    <d7>
                                        <u72>
                                            <e38>
                                                <v57>
                                                    <f112>
                                                        <w17>
                                                            <g4>
                                                                <t64>
                                                                    <d97>
                                                                        <u103>
                                                                            <e114>
                                                                                <v127>
                                                                                    <f71>
                                                                                        <n who="0" m="27178">
                                                                                            <d89>
                                                                                                <u51>
                                                                                                    <e34>
                                                                                                        <v125>
                                                                                                            <f74>
                                                                                                                <w106>
                                                                                                                    <g106>
                                                                                                                        <t3>
                                                                                                                            <d3>
                                                                                                                                <u35>
                                                                                                                                    <e35>
                                                                                                                                        <v126>
                                                                                                                                            <f10>
                                                                                                                                                <w115>
                                                                                                                                                    <g115>
                                                                                                                                                        <t96>
                                                                                                                                                            <d96>
                                                                                                                                                                <u49>
                                                                                                                                                                    <e43>
                                                                                                                                                                        <v60>
                                                                                                                                                                            <f18>
                                                                                                                                                                            </f18>
                                                                                                                                                                        </v60>
                                                                                                                                                                    </e43>
                                                                                                                                                                </u49>
                                                                                                                                                            </d96>
                                                                                                                                                        </t96>
                                                                                                                                                    </g115>
                                                                                                                                                </w115>
                                                                                                                                            </f10>
                                                                                                                                        </v126>
                                                                                                                                    </e35>
                                                                                                                                </u35>
                                                                                                                            </d3>
                                                                                                                        </t3>
                                                                                                                    </g106>
                                                                                                                </w106>
                                                                                                            </f74>
                                                                                                        </v125>
                                                                                                    </e34>
                                                                                                </u51>
                                                                                            </d89>
                                                                                        </n>
                                                                                        <n who="3" m="7275">
                                                                                            <g75>
                                                                                                <t31>
                                                                                                    <d131>
                                                                                                        <u39>
                                                                                                            <e39>
                                                                                                                <v32>
                                                                                                                    <f32>
                                                                                                                        <w105>
                                                                                                                            <g105>
                                                                                                                                <t0>
                                                                                                                                    <d64>
                                                                                                                                        <u33>
                                                                                                                                            <e33>
                                                                                                                                                <v40>
                                                                                                                                                    <f129>
                                                                                                                                                        <w124>
                                                                                                                                                            <g124>
                                                                                                                                                                <t24>
                                                                                                                                                                    <d24>
                                                                                                                                                                        <u20>
                                                                                                                                                                            <e2>
                                                                                                                                                                                <v117>
                                                                                                                                                                                    <f117>
                                                                                                                                                                                        <w86>
                                                                                                                                                                                            <g94>
                                                                                                                                                                                                <t76>
                                                                                                                                                                                                    <d76>
                                                                                                                                                                                                        <u110>
                                                                                                                                                                                                            <e110>
                                                                                                                                                                                                            </e110>
                                                                                                                                                                                                        </u110>
                                                                                                                                                                                                    </d76>
                                                                                                                                                                                                </t76>
                                                                                                                                                                                            </g94>
                                                                                                                                                                                        </w86>
                                                                                                                                                                                    </f117>
                                                                                                                                                                                </v117>
                                                                                                                                                                            </e2>
                                                                                                                                                                        </u20>
                                                                                                                                                                    </d24>
                                                                                                                                                                </t24>
                                                                                                                                                            </g124>
                                                                                                                                                        </w124>
                                                                                                                                                    </f129>
                                                                                                                                                </v40>
                                                                                                                                            </e33>
                                                                                                                                        </u33>
                                                                                                                                    </d64>
                                                                                                                                </t0>
                                                                                                                            </g105>
                                                                                                                        </w105>
                                                                                                                    </f32>
                                                                                                                </v32>
                                                                                                            </e39>
                                                                                                        </u39>
                                                                                                    </d131>
                                                                                                </t31>
                                                                                            </g75>
                                                                                        </n>
                                                                                        <n who="0" m="42025">
                                                                                            <d0>
                                                                                                <u44>
                                                                                                    <e44>
                                                                                                        <agari ba="2,0" hai="40,44,50,55,57,60,98,102,107,125,126,127,132,135" machi="44" ten="50,1600,0" yaku="18,1" dorahai="27" who="2" fromwho="1" sc="385,0,68,-22,207,22,340,0">
                                                                                                        </agari>
                                                                                                    </e44>
                                                                                                </u44>
                                                                                            </d0>
                                                                                        </n>
                                                                                    </f71>
                                                                                </v127>
                                                                            </e114>
                                                                        </u103>
                                                                    </d97>
                                                                </t64>
                                                            </g4>
                                                        </w17>
                                                    </f112>
                                                </v57>
                                            </e38>
                                        </u72>
                                    </d7>
                                </t7>
                            </g118>
                        </w22>
                    </init>
                    <init seed="4,0,0,4,4,105" ten="385,46,229,340" oya="0" hai0="82,50,25,113,20,0,55,38,2,46,91,57,61" hai1="120,64,70,108,76,13,56,67,106,78,109,51,135" hai2="45,48,101,29,117,42,11,131,3,40,69,22,85" hai3="134,111,81,8,44,17,30,72,23,128,99,80,130">
                        <t119>
                            <d119>
                                <u73>
                                    <e106>
                                        <v6>
                                            <f69>
                                                <w77>
                                                    <g111>
                                                        <t58>
                                                            <d38>
                                                                <u24>
                                                                    <e120>
                                                                        <v63>
                                                                            <f131>
                                                                                <n who="3" m="50219">
                                                                                    <g134>
                                                                                        <t18>
                                                                                            <d113>
                                                                                                <u129>
                                                                                                    <e129>
                                                                                                        <v107>
                                                                                                            <f117>
                                                                                                                <w94>
                                                                                                                    <g81>
                                                                                                                        <t60>
                                                                                                                            <d60>
                                                                                                                                <u126>
                                                                                                                                    <e135>
                                                                                                                                        <v116>
                                                                                                                                            <f116>
                                                                                                                                                <w62>
                                                                                                                                                    <g44>
                                                                                                                                                        <t47>
                                                                                                                                                            <d58>
                                                                                                                                                                <u1>
                                                                                                                                                                    <e1>
                                                                                                                                                                        <v35>
                                                                                                                                                                            <f35>
                                                                                                                                                                                <w79>
                                                                                                                                                                                    <g79>
                                                                                                                                                                                        <t28>
                                                                                                                                                                                            <d46>
                                                                                                                                                                                                <u98>
                                                                                                                                                                                                    <e98>
                                                                                                                                                                                                        <v89>
                                                                                                                                                                                                            <f107>
                                                                                                                                                                                                                <w118>
                                                                                                                                                                                                                    <g118>
                                                                                                                                                                                                                        <t97>
                                                                                                                                                                                                                            <d28>
                                                                                                                                                                                                                                <u95>
                                                                                                                                                                                                                                    <e95>
                                                                                                                                                                                                                                        <v15>
                                                                                                                                                                                                                                            <f101>
                                                                                                                                                                                                                                            </f101>
                                                                                                                                                                                                                                        </v15>
                                                                                                                                                                                                                                    </e95>
                                                                                                                                                                                                                                </u95>
                                                                                                                                                                                                                            </d28>
                                                                                                                                                                                                                        </t97>
                                                                                                                                                                                                                    </g118>
                                                                                                                                                                                                                </w118>
                                                                                                                                                                                                            </f107>
                                                                                                                                                                                                        </v89>
                                                                                                                                                                                                    </e98>
                                                                                                                                                                                                </u98>
                                                                                                                                                                                            </d46>
                                                                                                                                                                                        </t28>
                                                                                                                                                                                    </g79>
                                                                                                                                                                                </w79>
                                                                                                                                                                            </f35>
                                                                                                                                                                        </v35>
                                                                                                                                                                    </e1>
                                                                                                                                                                </u1>
                                                                                                                                                            </d58>
                                                                                                                                                        </t47>
                                                                                                                                                    </g44>
                                                                                                                                                </w62>
                                                                                                                                            </f116>
                                                                                                                                        </v116>
                                                                                                                                    </e135>
                                                                                                                                </u126>
                                                                                                                            </d60>
                                                                                                                        </t60>
                                                                                                                    </g81>
                                                                                                                </w94>
                                                                                                            </f117>
                                                                                                        </v107>
                                                                                                    </e129>
                                                                                                </u129>
                                                                                            </d113>
                                                                                        </t18>
                                                                                    </g134>
                                                                                </n>
                                                                                <n who="3" m="60663">
                                                                                    <g8>
                                                                                        <t65>
                                                                                            <reach who="0" step="1">
                                                                                                <d97>
                                                                                                </d97>
                                                                                            </reach>
                                                                                            <reach who="0" ten="375,46,229,340" step="2">
                                                                                                <u115>
                                                                                                    <e56>
                                                                                                        <v19>
                                                                                                            <f63>
                                                                                                                <w36>
                                                                                                                    <g36>
                                                                                                                        <t43>
                                                                                                                            <d43>
                                                                                                                                <u12>
                                                                                                                                    <e70>
                                                                                                                                        <v71>
                                                                                                                                            <f71>
                                                                                                                                                <w90>
                                                                                                                                                    <g62>
                                                                                                                                                        <t125>
                                                                                                                                                            <d125>
                                                                                                                                                                <u10>
                                                                                                                                                                    <e126>
                                                                                                                                                                        <v31>
                                                                                                                                                                            <f40>
                                                                                                                                                                                <w87>
                                                                                                                                                                                    <g30>
                                                                                                                                                                                        <t121>
                                                                                                                                                                                            <d121>
                                                                                                                                                                                                <u7>
                                                                                                                                                                                                    <e115>
                                                                                                                                                                                                        <v53>
                                                                                                                                                                                                            <f42>
                                                                                                                                                                                                                <w9>
                                                                                                                                                                                                                    <g9>
                                                                                                                                                                                                                        <t84>
                                                                                                                                                                                                                            <agari ba="0,1" hai="0,2,18,20,25,47,50,55,57,61,65,82,84,91" machi="84" ten="30,6000,0" yaku="1,1,0,1,53,1" dorahai="105" dorahaiura="86" who="0" fromwho="0" sc="375,70,46,-20,229,-20,340,-20">
                                                                                                                                                                                                                            </agari>
                                                                                                                                                                                                                        </t84>
                                                                                                                                                                                                                    </g9>
                                                                                                                                                                                                                </w9>
                                                                                                                                                                                                            </f42>
                                                                                                                                                                                                        </v53>
                                                                                                                                                                                                    </e115>
                                                                                                                                                                                                </u7>
                                                                                                                                                                                            </d121>
                                                                                                                                                                                        </t121>
                                                                                                                                                                                    </g30>
                                                                                                                                                                                </w87>
                                                                                                                                                                            </f40>
                                                                                                                                                                        </v31>
                                                                                                                                                                    </e126>
                                                                                                                                                                </u10>
                                                                                                                                                            </d125>
                                                                                                                                                        </t125>
                                                                                                                                                    </g62>
                                                                                                                                                </w90>
                                                                                                                                            </f71>
                                                                                                                                        </v71>
                                                                                                                                    </e70>
                                                                                                                                </u12>
                                                                                                                            </d43>
                                                                                                                        </t43>
                                                                                                                    </g36>
                                                                                                                </w36>
                                                                                                            </f63>
                                                                                                        </v19>
                                                                                                    </e56>
                                                                                                </u115>
                                                                                            </reach>
                                                                                        </t65>
                                                                                    </g8>
                                                                                </n>
                                                                            </f131>
                                                                        </v63>
                                                                    </e120>
                                                                </u24>
                                                            </d38>
                                                        </t58>
                                                    </g111>
                                                </w77>
                                            </f69>
                                        </v6>
                                    </e106>
                                </u73>
                            </d119>
                        </t119>
                    </init>
                    <init seed="4,1,0,0,5,61" ten="445,26,209,320" oya="0" hai0="29,45,121,133,49,15,82,77,22,59,42,116,67" hai1="16,52,115,57,106,75,5,19,36,90,114,99,48" hai2="32,84,66,62,7,118,31,92,130,107,94,109,8" hai3="125,127,40,108,71,85,93,18,120,28,104,87,98">
                        <t3>
                            <d3>
                                <u10>
                                    <e75>
                                        <v88>
                                            <f107>
                                                <w103>
                                                    <g108>
                                                        <t135>
                                                            <d116>
                                                                <u80>
                                                                    <e36>
                                                                        <v39>
                                                                            <f109>
                                                                                <w124>
                                                                                    <g40>
                                                                                        <t134>
                                                                                            <d121>
                                                                                                <u14>
                                                                                                    <e106>
                                                                                                        <v102>
                                                                                                            <f39>
                                                                                                                <w101>
                                                                                                                    <g71>
                                                                                                                        <t91>
                                                                                                                            <d91>
                                                                                                                                <u35>
                                                                                                                                    <e35>
                                                                                                                                        <v21>
                                                                                                                                            <f32>
                                                                                                                                                <w2>
                                                                                                                                                    <g2>
                                                                                                                                                        <t1>
                                                                                                                                                            <d1>
                                                                                                                                                                <u11>
                                                                                                                                                                    <e11>
                                                                                                                                                                        <v33>
                                                                                                                                                                            <f33>
                                                                                                                                                                                <w26>
                                                                                                                                                                                    <g18>
                                                                                                                                                                                        <t97>
                                                                                                                                                                                            <d97>
                                                                                                                                                                                                <u123>
                                                                                                                                                                                                    <e123>
                                                                                                                                                                                                        <v9>
                                                                                                                                                                                                            <f130>
                                                                                                                                                                                                                <w111>
                                                                                                                                                                                                                    <g111>
                                                                                                                                                                                                                        <t23>
                                                                                                                                                                                                                            <d29>
                                                                                                                                                                                                                                <u12>
                                                                                                                                                                                                                                    <e12>
                                                                                                                                                                                                                                        <v131>
                                                                                                                                                                                                                                            <f131>
                                                                                                                                                                                                                                                <w100>
                                                                                                                                                                                                                                                    <g120>
                                                                                                                                                                                                                                                        <t110>
                                                                                                                                                                                                                                                            <d15>
                                                                                                                                                                                                                                                                <u126>
                                                                                                                                                                                                                                                                    <e126>
                                                                                                                                                                                                                                                                        <v113>
                                                                                                                                                                                                                                                                            <f113>
                                                                                                                                                                                                                                                                                <n who="1" m="43017">
                                                                                                                                                                                                                                                                                    <e99>
                                                                                                                                                                                                                                                                                    </e99>
                                                                                                                                                                                                                                                                                </n>
                                                                                                                                                                                                                                                                                <n who="2" m="59751">
                                                                                                                                                                                                                                                                                    <f118>
                                                                                                                                                                                                                                                                                        <w47>
                                                                                                                                                                                                                                                                                            <g47>
                                                                                                                                                                                                                                                                                                <t38>
                                                                                                                                                                                                                                                                                                    <d110>
                                                                                                                                                                                                                                                                                                        <u20>
                                                                                                                                                                                                                                                                                                            <e20>
                                                                                                                                                                                                                                                                                                                <v43>
                                                                                                                                                                                                                                                                                                                    <f43>
                                                                                                                                                                                                                                                                                                                        <w50>
                                                                                                                                                                                                                                                                                                                            <g50>
                                                                                                                                                                                                                                                                                                                                <t27>
                                                                                                                                                                                                                                                                                                                                    <d27>
                                                                                                                                                                                                                                                                                                                                        <u24>
                                                                                                                                                                                                                                                                                                                                            <e24>
                                                                                                                                                                                                                                                                                                                                            </e24>
                                                                                                                                                                                                                                                                                                                                        </u24>
                                                                                                                                                                                                                                                                                                                                    </d27>
                                                                                                                                                                                                                                                                                                                                </t27>
                                                                                                                                                                                                                                                                                                                            </g50>
                                                                                                                                                                                                                                                                                                                        </w50>
                                                                                                                                                                                                                                                                                                                    </f43>
                                                                                                                                                                                                                                                                                                                </v43>
                                                                                                                                                                                                                                                                                                            </e20>
                                                                                                                                                                                                                                                                                                        </u20>
                                                                                                                                                                                                                                                                                                    </d110>
                                                                                                                                                                                                                                                                                                </t38>
                                                                                                                                                                                                                                                                                            </g47>
                                                                                                                                                                                                                                                                                        </w47>
                                                                                                                                                                                                                                                                                    </f118>
                                                                                                                                                                                                                                                                                </n>
                                                                                                                                                                                                                                                                                <n who="2" m="16783">
                                                                                                                                                                                                                                                                                    <f7>
                                                                                                                                                                                                                                                                                        <w34>
                                                                                                                                                                                                                                                                                            <reach who="3" step="1">
                                                                                                                                                                                                                                                                                                <g104>
                                                                                                                                                                                                                                                                                                </g104>
                                                                                                                                                                                                                                                                                            </reach>
                                                                                                                                                                                                                                                                                            <reach who="3" ten="445,26,209,310" step="2">
                                                                                                                                                                                                                                                                                                <t25>
                                                                                                                                                                                                                                                                                                    <d38>
                                                                                                                                                                                                                                                                                                        <u119>
                                                                                                                                                                                                                                                                                                            <e119>
                                                                                                                                                                                                                                                                                                                <v30>
                                                                                                                                                                                                                                                                                                                    <f30>
                                                                                                                                                                                                                                                                                                                        <w64>
                                                                                                                                                                                                                                                                                                                            <g64>
                                                                                                                                                                                                                                                                                                                                <t89>
                                                                                                                                                                                                                                                                                                                                    <d67>
                                                                                                                                                                                                                                                                                                                                        <u4>
                                                                                                                                                                                                                                                                                                                                            <e4>
                                                                                                                                                                                                                                                                                                                                                <v51>
                                                                                                                                                                                                                                                                                                                                                    <f51>
                                                                                                                                                                                                                                                                                                                                                        <w63>
                                                                                                                                                                                                                                                                                                                                                            <g63>
                                                                                                                                                                                                                                                                                                                                                                <t81>
                                                                                                                                                                                                                                                                                                                                                                    <d59>
                                                                                                                                                                                                                                                                                                                                                                        <agari ba="1,1" hai="8,9,59,62,66,84,88,94" m="16783,59751" machi="59" ten="30,7700,0" yaku="25,1,8,1,52,1,54,1" dorahai="61" who="2" fromwho="0" sc="445,-80,26,0,209,90,310,0">
                                                                                                                                                                                                                                                                                                                                                                        </agari>
                                                                                                                                                                                                                                                                                                                                                                    </d59>
                                                                                                                                                                                                                                                                                                                                                                </t81>
                                                                                                                                                                                                                                                                                                                                                            </g63>
                                                                                                                                                                                                                                                                                                                                                        </w63>
                                                                                                                                                                                                                                                                                                                                                    </f51>
                                                                                                                                                                                                                                                                                                                                                </v51>
                                                                                                                                                                                                                                                                                                                                            </e4>
                                                                                                                                                                                                                                                                                                                                        </u4>
                                                                                                                                                                                                                                                                                                                                    </d67>
                                                                                                                                                                                                                                                                                                                                </t89>
                                                                                                                                                                                                                                                                                                                            </g64>
                                                                                                                                                                                                                                                                                                                        </w64>
                                                                                                                                                                                                                                                                                                                    </f30>
                                                                                                                                                                                                                                                                                                                </v30>
                                                                                                                                                                                                                                                                                                            </e119>
                                                                                                                                                                                                                                                                                                        </u119>
                                                                                                                                                                                                                                                                                                    </d38>
                                                                                                                                                                                                                                                                                                </t25>
                                                                                                                                                                                                                                                                                            </reach>
                                                                                                                                                                                                                                                                                        </w34>
                                                                                                                                                                                                                                                                                    </f7>
                                                                                                                                                                                                                                                                                </n>
                                                                                                                                                                                                                                                                            </f113>
                                                                                                                                                                                                                                                                        </v113>
                                                                                                                                                                                                                                                                    </e126>
                                                                                                                                                                                                                                                                </u126>
                                                                                                                                                                                                                                                            </d15>
                                                                                                                                                                                                                                                        </t110>
                                                                                                                                                                                                                                                    </g120>
                                                                                                                                                                                                                                                </w100>
                                                                                                                                                                                                                                            </f131>
                                                                                                                                                                                                                                        </v131>
                                                                                                                                                                                                                                    </e12>
                                                                                                                                                                                                                                </u12>
                                                                                                                                                                                                                            </d29>
                                                                                                                                                                                                                        </t23>
                                                                                                                                                                                                                    </g111>
                                                                                                                                                                                                                </w111>
                                                                                                                                                                                                            </f130>
                                                                                                                                                                                                        </v9>
                                                                                                                                                                                                    </e123>
                                                                                                                                                                                                </u123>
                                                                                                                                                                                            </d97>
                                                                                                                                                                                        </t97>
                                                                                                                                                                                    </g18>
                                                                                                                                                                                </w26>
                                                                                                                                                                            </f33>
                                                                                                                                                                        </v33>
                                                                                                                                                                    </e11>
                                                                                                                                                                </u11>
                                                                                                                                                            </d1>
                                                                                                                                                        </t1>
                                                                                                                                                    </g2>
                                                                                                                                                </w2>
                                                                                                                                            </f32>
                                                                                                                                        </v21>
                                                                                                                                    </e35>
                                                                                                                                </u35>
                                                                                                                            </d91>
                                                                                                                        </t91>
                                                                                                                    </g71>
                                                                                                                </w101>
                                                                                                            </f39>
                                                                                                        </v102>
                                                                                                    </e106>
                                                                                                </u14>
                                                                                            </d121>
                                                                                        </t134>
                                                                                    </g40>
                                                                                </w124>
                                                                            </f109>
                                                                        </v39>
                                                                    </e36>
                                                                </u80>
                                                            </d116>
                                                        </t135>
                                                    </g108>
                                                </w103>
                                            </f107>
                                        </v88>
                                    </e75>
                                </u10>
                            </d3>
                        </t3>
                    </init>
                    <init seed="5,0,0,4,2,4" ten="365,26,299,310" oya="1" hai0="46,77,103,69,84,118,94,74,20,9,23,33,36" hai1="11,128,123,49,67,41,91,81,135,125,29,50,15" hai2="61,52,25,95,71,54,24,83,104,65,55,56,102" hai3="79,6,45,42,97,72,48,66,107,43,93,5,2">
                        <u57>
                            <e123>
                                <v0>
                                    <f104>
                                        <w85>
                                            <g72>
                                                <t130>
                                                    <d33>
                                                        <u129>
                                                            <e29>
                                                                <v96>
                                                                    <f0>
                                                                        <w40>
                                                                            <g107>
                                                                                <t115>
                                                                                    <d69>
                                                                                        <u110>
                                                                                            <e110>
                                                                                                <v108>
                                                                                                    <f108>
                                                                                                        <w82>
                                                                                                            <g66>
                                                                                                                <t112>
                                                                                                                    <d118>
                                                                                                                        <u34>
                                                                                                                            <e34>
                                                                                                                                <v134>
                                                                                                                                    <f134>
                                                                                                                                        <w53>
                                                                                                                                            <reach who="3" step="1">
                                                                                                                                                <g2>
                                                                                                                                                </g2>
                                                                                                                                            </reach>
                                                                                                                                            <reach who="3" ten="365,26,299,300" step="2">
                                                                                                                                                <t99>
                                                                                                                                                    <d74>
                                                                                                                                                        <u1>
                                                                                                                                                            <e1>
                                                                                                                                                                <v47>
                                                                                                                                                                    <f71>
                                                                                                                                                                        <w131>
                                                                                                                                                                            <g131>
                                                                                                                                                                                <n who="1" m="50250">
                                                                                                                                                                                    <e135>
                                                                                                                                                                                        <v117>
                                                                                                                                                                                            <f117>
                                                                                                                                                                                                <w19>
                                                                                                                                                                                                    <g19>
                                                                                                                                                                                                        <t105>
                                                                                                                                                                                                            <d130>
                                                                                                                                                                                                                <u63>
                                                                                                                                                                                                                    <e125>
                                                                                                                                                                                                                        <v73>
                                                                                                                                                                                                                        </v73>
                                                                                                                                                                                                                    </e125>
                                                                                                                                                                                                                </u63>
                                                                                                                                                                                                            </d130>
                                                                                                                                                                                                        </t105>
                                                                                                                                                                                                    </g19>
                                                                                                                                                                                                </w19>
                                                                                                                                                                                            </f117>
                                                                                                                                                                                        </v117>
                                                                                                                                                                                    </e135>
                                                                                                                                                                                </n>
                                                                                                                                                                            </g131>
                                                                                                                                                                        </w131>
                                                                                                                                                                    </f71>
                                                                                                                                                                </v47>
                                                                                                                                                            </e1>
                                                                                                                                                        </u1>
                                                                                                                                                    </d74>
                                                                                                                                                </t99>
                                                                                                                                            </reach>
                                                                                                                                            <reach who="2" step="1">
                                                                                                                                                <f47>
                                                                                                                                                </f47>
                                                                                                                                            </reach>
                                                                                                                                            <reach who="2" ten="365,26,289,300" step="2">
                                                                                                                                                <w21>
                                                                                                                                                    <g21>
                                                                                                                                                        <t27>
                                                                                                                                                            <d105>
                                                                                                                                                                <u64>
                                                                                                                                                                    <e64>
                                                                                                                                                                        <v59>
                                                                                                                                                                            <f59>
                                                                                                                                                                                <w18>
                                                                                                                                                                                    <g18>
                                                                                                                                                                                        <t101>
                                                                                                                                                                                            <d23>
                                                                                                                                                                                                <u68>
                                                                                                                                                                                                    <e57>
                                                                                                                                                                                                        <v90>
                                                                                                                                                                                                            <f90>
                                                                                                                                                                                                                <agari ba="0,2" hai="5,6,40,42,43,45,48,53,79,82,85,90,93,97" machi="90" ten="40,2600,0" yaku="1,1,8,1,53,0" dorahai="4" dorahaiura="7" who="3" fromwho="2" sc="365,0,26,0,289,-26,300,46">
                                                                                                                                                                                                                </agari>
                                                                                                                                                                                                            </f90>
                                                                                                                                                                                                        </v90>
                                                                                                                                                                                                    </e57>
                                                                                                                                                                                                </u68>
                                                                                                                                                                                            </d23>
                                                                                                                                                                                        </t101>
                                                                                                                                                                                    </g18>
                                                                                                                                                                                </w18>
                                                                                                                                                                            </f59>
                                                                                                                                                                        </v59>
                                                                                                                                                                    </e64>
                                                                                                                                                                </u64>
                                                                                                                                                            </d105>
                                                                                                                                                        </t27>
                                                                                                                                                    </g21>
                                                                                                                                                </w21>
                                                                                                                                            </reach>
                                                                                                                                        </w53>
                                                                                                                                    </f134>
                                                                                                                                </v134>
                                                                                                                            </e34>
                                                                                                                        </u34>
                                                                                                                    </d118>
                                                                                                                </t112>
                                                                                                            </g66>
                                                                                                        </w82>
                                                                                                    </f108>
                                                                                                </v108>
                                                                                            </e110>
                                                                                        </u110>
                                                                                    </d69>
                                                                                </t115>
                                                                            </g107>
                                                                        </w40>
                                                                    </f0>
                                                                </v96>
                                                            </e29>
                                                        </u129>
                                                    </d33>
                                                </t130>
                                            </g72>
                                        </w85>
                                    </f104>
                                </v0>
                            </e123>
                        </u57>
                    </init>
                    <init seed="6,0,0,4,2,0" ten="365,26,263,346" oya="2" hai0="66,114,41,92,111,76,117,104,6,95,13,44,124" hai1="24,121,105,45,55,123,85,4,38,108,126,78,116" hai2="74,64,88,39,96,84,71,75,14,128,99,48,53" hai3="11,61,77,79,8,101,59,97,129,22,65,122,37">
                        <v21>
                            <f128>
                                <w80>
                                    <g37>
                                        <t98>
                                            <d104>
                                                <u20>
                                                    <e105>
                                                        <v120>
                                                            <f39>
                                                                <w86>
                                                                    <g122>
                                                                        <n who="1" m="46602">
                                                                            <e85>
                                                                                <v30>
                                                                                    <f120>
                                                                                        <w115>
                                                                                            <g115>
                                                                                                <t12>
                                                                                                    <d111>
                                                                                                        <u81>
                                                                                                            <e55>
                                                                                                                <v90>
                                                                                                                    <f71>
                                                                                                                        <w26>
                                                                                                                            <g129>
                                                                                                                                <t33>
                                                                                                                                    <d33>
                                                                                                                                        <u3>
                                                                                                                                            <e45>
                                                                                                                                                <v125>
                                                                                                                                                    <f125>
                                                                                                                                                        <w127>
                                                                                                                                                            <g77>
                                                                                                                                                                <t109>
                                                                                                                                                                    <d12>
                                                                                                                                                                        <u82>
                                                                                                                                                                            <e81>
                                                                                                                                                                                <v93>
                                                                                                                                                                                    <f64>
                                                                                                                                                                                        <w72>
                                                                                                                                                                                            <g72>
                                                                                                                                                                                                <t73>
                                                                                                                                                                                                    <d6>
                                                                                                                                                                                                        <u2>
                                                                                                                                                                                                            <e82>
                                                                                                                                                                                                                <v35>
                                                                                                                                                                                                                    <f35>
                                                                                                                                                                                                                        <w68>
                                                                                                                                                                                                                            <g68>
                                                                                                                                                                                                                                <t119>
                                                                                                                                                                                                                                    <d13>
                                                                                                                                                                                                                                        <u135>
                                                                                                                                                                                                                                            <e78>
                                                                                                                                                                                                                                                <v27>
                                                                                                                                                                                                                                                    <f14>
                                                                                                                                                                                                                                                        <w43>
                                                                                                                                                                                                                                                            <g43>
                                                                                                                                                                                                                                                                <t40>
                                                                                                                                                                                                                                                                    <d109>
                                                                                                                                                                                                                                                                        <u134>
                                                                                                                                                                                                                                                                            <e38>
                                                                                                                                                                                                                                                                                <v51>
                                                                                                                                                                                                                                                                                    <f51>
                                                                                                                                                                                                                                                                                        <w133>
                                                                                                                                                                                                                                                                                            <g133>
                                                                                                                                                                                                                                                                                            </g133>
                                                                                                                                                                                                                                                                                        </w133>
                                                                                                                                                                                                                                                                                    </f51>
                                                                                                                                                                                                                                                                                </v51>
                                                                                                                                                                                                                                                                            </e38>
                                                                                                                                                                                                                                                                        </u134>
                                                                                                                                                                                                                                                                    </d109>
                                                                                                                                                                                                                                                                </t40>
                                                                                                                                                                                                                                                            </g43>
                                                                                                                                                                                                                                                        </w43>
                                                                                                                                                                                                                                                    </f14>
                                                                                                                                                                                                                                                </v27>
                                                                                                                                                                                                                                            </e78>
                                                                                                                                                                                                                                        </u135>
                                                                                                                                                                                                                                    </d13>
                                                                                                                                                                                                                                </t119>
                                                                                                                                                                                                                            </g68>
                                                                                                                                                                                                                        </w68>
                                                                                                                                                                                                                    </f35>
                                                                                                                                                                                                                </v35>
                                                                                                                                                                                                            </e82>
                                                                                                                                                                                                        </u2>
                                                                                                                                                                                                    </d6>
                                                                                                                                                                                                </t73>
                                                                                                                                                                                            </g72>
                                                                                                                                                                                        </w72>
                                                                                                                                                                                    </f64>
                                                                                                                                                                                </v93>
                                                                                                                                                                            </e81>
                                                                                                                                                                        </u82>
                                                                                                                                                                    </d12>
                                                                                                                                                                </t109>
                                                                                                                                                            </g77>
                                                                                                                                                        </w127>
                                                                                                                                                    </f125>
                                                                                                                                                </v125>
                                                                                                                                            </e45>
                                                                                                                                        </u3>
                                                                                                                                    </d33>
                                                                                                                                </t33>
                                                                                                                            </g129>
                                                                                                                        </w26>
                                                                                                                    </f71>
                                                                                                                </v90>
                                                                                                            </e55>
                                                                                                        </u81>
                                                                                                    </d111>
                                                                                                </t12>
                                                                                            </g115>
                                                                                        </w115>
                                                                                    </f120>
                                                                                </v30>
                                                                            </e85>
                                                                        </n>
                                                                        <n who="1" m="50698">
                                                                            <e108>
                                                                                <v57>
                                                                                    <f99>
                                                                                        <w49>
                                                                                            <g49>
                                                                                                <t1>
                                                                                                    <d98>
                                                                                                        <u23>
                                                                                                            <e116>
                                                                                                                <v91>
                                                                                                                    <reach who="2" step="1">
                                                                                                                        <f84>
                                                                                                                        </f84>
                                                                                                                    </reach>
                                                                                                                    <reach who="2" ten="365,26,253,346" step="2">
                                                                                                                        <w56>
                                                                                                                            <g127>
                                                                                                                                <t42>
                                                                                                                                    <d124>
                                                                                                                                        <u94>
                                                                                                                                            <e126>
                                                                                                                                                <v106>
                                                                                                                                                    <f106>
                                                                                                                                                        <w31>
                                                                                                                                                            <g56>
                                                                                                                                                                <t19>
                                                                                                                                                                    <d119>
                                                                                                                                                                        <u50>
                                                                                                                                                                            <e50>
                                                                                                                                                                                <v70>
                                                                                                                                                                                    <f70>
                                                                                                                                                                                        <w34>
                                                                                                                                                                                            <g34>
                                                                                                                                                                                                <t87>
                                                                                                                                                                                                    <d117>
                                                                                                                                                                                                        <u46>
                                                                                                                                                                                                            <e46>
                                                                                                                                                                                                                <v103>
                                                                                                                                                                                                                    <agari ba="0,1" hai="21,27,30,48,53,57,74,75,88,90,91,93,96,103" machi="103" ten="30,6000,0" yaku="1,1,0,1,54,1,53,0" dorahai="0" dorahaiura="130" who="2" fromwho="2" sc="365,-20,26,-20,253,70,346,-20">
                                                                                                                                                                                                                    </agari>
                                                                                                                                                                                                                </v103>
                                                                                                                                                                                                            </e46>
                                                                                                                                                                                                        </u46>
                                                                                                                                                                                                    </d117>
                                                                                                                                                                                                </t87>
                                                                                                                                                                                            </g34>
                                                                                                                                                                                        </w34>
                                                                                                                                                                                    </f70>
                                                                                                                                                                                </v70>
                                                                                                                                                                            </e50>
                                                                                                                                                                        </u50>
                                                                                                                                                                    </d119>
                                                                                                                                                                </t19>
                                                                                                                                                            </g56>
                                                                                                                                                        </w31>
                                                                                                                                                    </f106>
                                                                                                                                                </v106>
                                                                                                                                            </e126>
                                                                                                                                        </u94>
                                                                                                                                    </d124>
                                                                                                                                </t42>
                                                                                                                            </g127>
                                                                                                                        </w56>
                                                                                                                    </reach>
                                                                                                                </v91>
                                                                                                            </e116>
                                                                                                        </u23>
                                                                                                    </d98>
                                                                                                </t1>
                                                                                            </g49>
                                                                                        </w49>
                                                                                    </f99>
                                                                                </v57>
                                                                            </e108>
                                                                        </n>
                                                                    </g122>
                                                                </w86>
                                                            </f39>
                                                        </v120>
                                                    </e105>
                                                </u20>
                                            </d104>
                                        </t98>
                                    </g37>
                                </w80>
                            </f128>
                        </v21>
                    </init>
                    <init seed="6,1,0,2,3,33" ten="345,6,323,326" oya="2" hai0="111,84,35,80,101,106,117,41,11,28,123,97,32" hai1="57,61,113,49,126,114,109,132,13,30,42,51,63" hai2="92,19,66,60,62,9,47,58,34,125,95,0,110" hai3="82,23,99,53,75,104,119,70,52,16,56,76,3">
                        <v91>
                            <f34>
                                <w102>
                                    <g119>
                                        <t85>
                                            <d111>
                                                <u87>
                                                    <e30>
                                                        <v24>
                                                            <f125>
                                                                <w27>
                                                                    <g70>
                                                                        <t90>
                                                                            <d123>
                                                                                <u135>
                                                                                    <e13>
                                                                                        <n who="2" m="7599">
                                                                                            <f0>
                                                                                                <w10>
                                                                                                    <reach who="3" step="1">
                                                                                                        <g56>
                                                                                                        </g56>
                                                                                                    </reach>
                                                                                                    <reach who="3" ten="345,6,323,316" step="2">
                                                                                                        <t2>
                                                                                                            <d117>
                                                                                                                <u31>
                                                                                                                    <e31>
                                                                                                                        <v65>
                                                                                                                            <f110>
                                                                                                                                <w89>
                                                                                                                                    <g89>
                                                                                                                                        <t94>
                                                                                                                                            <d28>
                                                                                                                                                <u45>
                                                                                                                                                    <e87>
                                                                                                                                                    </e87>
                                                                                                                                                </u45>
                                                                                                                                            </d28>
                                                                                                                                        </t94>
                                                                                                                                    </g89>
                                                                                                                                </w89>
                                                                                                                            </f110>
                                                                                                                        </v65>
                                                                                                                    </e31>
                                                                                                                </u31>
                                                                                                            </d117>
                                                                                                        </t2>
                                                                                                    </reach>
                                                                                                </w10>
                                                                                            </f0>
                                                                                        </n>
                                                                                        <n who="2" m="52351">
                                                                                            <f95>
                                                                                                <w8>
                                                                                                    <g8>
                                                                                                        <t131>
                                                                                                            <d131>
                                                                                                                <u59>
                                                                                                                    <e109>
                                                                                                                        <v71>
                                                                                                                            <f71>
                                                                                                                                <w103>
                                                                                                                                    <g103>
                                                                                                                                        <t37>
                                                                                                                                            <d11>
                                                                                                                                                <u134>
                                                                                                                                                    <e126>
                                                                                                                                                        <v93>
                                                                                                                                                            <f93>
                                                                                                                                                                <w79>
                                                                                                                                                                    <g79>
                                                                                                                                                                        <t6>
                                                                                                                                                                            <d94>
                                                                                                                                                                                <u20>
                                                                                                                                                                                    <e20>
                                                                                                                                                                                        <v69>
                                                                                                                                                                                            <f69>
                                                                                                                                                                                                <w44>
                                                                                                                                                                                                    <g44>
                                                                                                                                                                                                        <t124>
                                                                                                                                                                                                            <d124>
                                                                                                                                                                                                                <u88>
                                                                                                                                                                                                                    <e88>
                                                                                                                                                                                                                        <v18>
                                                                                                                                                                                                                            <f47>
                                                                                                                                                                                                                                <w38>
                                                                                                                                                                                                                                    <g38>
                                                                                                                                                                                                                                        <t129>
                                                                                                                                                                                                                                            <d129>
                                                                                                                                                                                                                                                <u105>
                                                                                                                                                                                                                                                    <e105>
                                                                                                                                                                                                                                                        <v98>
                                                                                                                                                                                                                                                            <f98>
                                                                                                                                                                                                                                                                <w48>
                                                                                                                                                                                                                                                                    <g48>
                                                                                                                                                                                                                                                                        <t14>
                                                                                                                                                                                                                                                                            <d35>
                                                                                                                                                                                                                                                                                <u5>
                                                                                                                                                                                                                                                                                    <e5>
                                                                                                                                                                                                                                                                                        <agari ba="1,1" hai="3,5,10,16,23,27,52,53,75,76,82,99,102,104" machi="5" ten="40,8000,1" yaku="1,1,52,1,54,2,53,0" dorahai="33" dorahaiura="118" who="3" fromwho="1" sc="345,0,6,-83,323,0,316,93" owari="345,15.0,-77,-58.0,323,-8.0,409,51.0">
                                                                                                                                                                                                                                                                                        </agari>
                                                                                                                                                                                                                                                                                    </e5>
                                                                                                                                                                                                                                                                                </u5>
                                                                                                                                                                                                                                                                            </d35>
                                                                                                                                                                                                                                                                        </t14>
                                                                                                                                                                                                                                                                    </g48>
                                                                                                                                                                                                                                                                </w48>
                                                                                                                                                                                                                                                            </f98>
                                                                                                                                                                                                                                                        </v98>
                                                                                                                                                                                                                                                    </e105>
                                                                                                                                                                                                                                                </u105>
                                                                                                                                                                                                                                            </d129>
                                                                                                                                                                                                                                        </t129>
                                                                                                                                                                                                                                    </g38>
                                                                                                                                                                                                                                </w38>
                                                                                                                                                                                                                            </f47>
                                                                                                                                                                                                                        </v18>
                                                                                                                                                                                                                    </e88>
                                                                                                                                                                                                                </u88>
                                                                                                                                                                                                            </d124>
                                                                                                                                                                                                        </t124>
                                                                                                                                                                                                    </g44>
                                                                                                                                                                                                </w44>
                                                                                                                                                                                            </f69>
                                                                                                                                                                                        </v69>
                                                                                                                                                                                    </e20>
                                                                                                                                                                                </u20>
                                                                                                                                                                            </d94>
                                                                                                                                                                        </t6>
                                                                                                                                                                    </g79>
                                                                                                                                                                </w79>
                                                                                                                                                            </f93>
                                                                                                                                                        </v93>
                                                                                                                                                    </e126>
                                                                                                                                                </u134>
                                                                                                                                            </d11>
                                                                                                                                        </t37>
                                                                                                                                    </g103>
                                                                                                                                </w103>
                                                                                                                            </f71>
                                                                                                                        </v71>
                                                                                                                    </e109>
                                                                                                                </u59>
                                                                                                            </d131>
                                                                                                        </t131>
                                                                                                    </g8>
                                                                                                </w8>
                                                                                            </f95>
                                                                                        </n>
                                                                                    </e13>
                                                                                </u135>
                                                                            </d123>
                                                                        </t90>
                                                                    </g70>
                                                                </w27>
                                                            </f125>
                                                        </v24>
                                                    </e30>
                                                </u87>
                                            </d111>
                                        </t85>
                                    </g119>
                                </w102>
                            </f34>
                        </v91>
                    </init>
                </taikyoku>
            </un>
        </go>
    </shuffle>
</mjloggm>
